<?xml version="1.0" encoding="UTF-8"?><record xmlns="http://www.loc.gov/MARC21/slim" xmlns:cinclude="http://apache.org/cocoon/include/1.0" xmlns:zs="http://www.loc.gov/zing/srw/">
  <leader>00725cz  a2200157n  4500</leader>
  <controlfield tag="001">n  78075448 </controlfield>
  <controlfield tag="003">DLC</controlfield>
  <controlfield tag="005">20141208080512.0</controlfield>
  <controlfield tag="008">781013n| azannaab           |a ana      </controlfield>
  <datafield tag="010" ind1=" " ind2=" ">
    <subfield code="a">n  78075448 </subfield>
  </datafield>
  <datafield tag="040" ind1=" " ind2=" ">
    <subfield code="a">DLC</subfield>
    <subfield code="b">eng</subfield>
    <subfield code="e">rda</subfield>
    <subfield code="c">DLC</subfield>
    <subfield code="d">DLC</subfield>
  </datafield>
  <datafield tag="110" ind1="2" ind2=" ">
    <subfield code="a">Sanctuary (Ship)</subfield>
  </datafield>
  <datafield tag="410" ind1="2" ind2="0">
    <subfield code="a">U.S.S. Sanctuary</subfield>
  </datafield>
  <datafield tag="410" ind1="2" ind2="0">
    <subfield code="a">USS Sanctuary</subfield>
  </datafield>
  <datafield tag="670" ind1=" " ind2=" ">
    <subfield code="a">U.S. Cong. House. Com. on Armed Services.</subfield>
    <subfield code="b">Subcom. on Seapower and Strategic and Critical Materials. Hearing on H.R. 9785 ... 1978 (subj.) t.p. (Hospital ship United States Ship "Sanctuary")</subfield>
  </datafield>
  <datafield tag="670" ind1=" " ind2=" ">
    <subfield code="a">NUCMC data from Armed Forces Institute of Pathology, Otis Historical Archives for Military hospitals material, 1908-1969</subfield>
    <subfield code="b">(hospital ships U.S.S. General Harry Taylor and U.S.S. Sanctuary)</subfield>
  </datafield>
</record>